@article{BellantoniCook92,
  author    = {Stephen Bellantoni and Stephen A. Cook},
  title     = {A new recursion-theoretic characterization of the polytime functions},
  journal   = {Computational Complexity},
  volume    = {2},
  pages     = {97--110},
  year      = {1992}
}

@inproceedings{Leivant93,
  author    = {Daniel Leivant and Jean{-}Yves Marion},
  title     = {Lambda calculus characterizations of poly-time},
  booktitle = {Fundamenta Informaticae, Special Issue on Feasible Mathematics},
  volume    = {19},
  number    = {1-2},
  pages     = {167--180},
  year      = {1993}
}

@article{Jones99,
  author    = {Neil D. Jones},
  title     = {{LOGSPACE} and {PTIME} characterized by programming languages},
  journal   = {Theoretical Computer Science},
  volume    = {228},
  number    = {1-2},
  pages     = {151--174},
  year      = {1999}
}

@article{Kristiansen05,
  author    = {Lars Kristiansen},
  title     = {Neat function algebraic characterizations of {LOGSPACE} and {LINSPACE}},
  journal   = {Computational Complexity},
  volume    = {14},
  number    = {1},
  pages     = {72--88},
  year      = {2005}
}

@inproceedings{Bonfante06,
  author    = {Guillaume Bonfante},
  title     = {Some Programming Languages for {LOGSPACE} and {PTIME}},
  booktitle = {Algebraic Methodology and Software Technology (AMAST 2006)},
  series    = {LNCS},
  volume    = {4019},
  pages     = {66--80},
  year      = {2006},
  publisher = {Springer}
}

@inproceedings{Neergaard04,
  author    = {Peter M{\o}ller Neergaard},
  title     = {A functional language for logarithmic space},
  booktitle = {Asian Symposium on Programming Languages and Systems (APLAS 2004)},
  series    = {LNCS},
  volume    = {3302},
  pages     = {311--326},
  year      = {2004},
  publisher = {Springer}
}

@inproceedings{Schopp07,
  author    = {Ulrich Sch{\"{o}}pp},
  title     = {Stratified Bounded Affine Logic for Logarithmic Space},
  booktitle = {22nd {IEEE} Symposium on Logic in Computer Science (LICS 2007)},
  pages     = {111--120},  % (not exact, placeholder)
  year      = {2007},
  publisher = {IEEE}
}

@inproceedings{DaLagoSchopp10,
  author    = {Ugo Dal Lago and Ulrich Sch{\"{o}}pp},
  title     = {Functional Programming in Sublinear Space},
  booktitle = {European Symposium on Programming (ESOP 2010)},
  series    = {LNCS},
  volume    = {6012},
  pages     = {205--225},
  year      = {2010},
  publisher = {Springer}
}

@article{LeivantRamyaa11,
  author    = {Ramyaa and Daniel Leivant},
  title     = {Ramified corecurrence and logspace},
  journal   = {Electronic Notes in Theoretical Computer Science},
  volume    = {276},
  pages     = {247--261},
  year      = {2011}
}
