@book{Grzegorczyk1953,
  author    = {Andrzej Grzegorczyk},
  title     = {Some Classes of Recursive Functions},
  series    = {Rozprawy Matematyczne},
  number    = {4},
  publisher = {Instytut Matematyczny Polskiej Akademii Nauk},
  address   = {Warszawa},
  year      = {1953}
}

@article{Ritchie1963,
  author  = {Ritchie, Robert W.},
  title   = {Classes of Predictably Computable Functions},
  journal = {Transactions of the American Mathematical Society},
  volume  = {106},
  number  = {1},
  pages   = {139--173},
  year    = {1963},
  doi     = {10.1090/S0002-9947-1963-0158822-2},
  url     = {https://www.ams.org/journals/tran/1963-106-01/S0002-9947-1963-0158822-2}
}

@article{HartmanisStearns1965,
  author  = {Hartmanis, Juris and Stearns, Richard E.},
  title   = {On the Computational Complexity of Algorithms},
  journal = {Transactions of the American Mathematical Society},
  volume  = {117},
  pages   = {285--306},
  year    = {1965},
  doi     = {10.1090/S0002-9947-1965-0170805-7},
  url     = {https://www.ams.org/journals/tran/1965-117-00/S0002-9947-1965-0170805-7}
}

@article{Blum1967,
  author  = {Blum, Manuel},
  title   = {A Machine-Independent Theory of the Complexity of Recursive Functions},
  journal = {Journal of the ACM},
  volume  = {14},
  number  = {2},
  pages   = {322--336},
  year    = {1967},
  doi     = {10.1145/321386.321395},
  url     = {https://dl.acm.org/doi/10.1145/321386.321395}
}

@incollection{Cobham1964,
  author    = {Cobham, Alan},
  title     = {The Intrinsic Computational Difficulty of Functions},
  booktitle = {Logic, Methodology and Philosophy of Science},
  editor    = {Yehoshua Bar{-}Hillel},
  publisher = {North-Holland},
  address   = {Amsterdam},
  year      = {1965},
  pages     = {24--30},
  url       = {https://www.cs.toronto.edu/~sacook/homepage/cobham_intrinsic.pdf}
}

@inproceedings{Gurevich1983,
  author    = {Gurevich, Yuri},
  title     = {Algebras of Feasible Functions},
  booktitle = {24th Annual Symposium on Foundations of Computer Science (FOCS 1983)},
  year      = {1983},
  pages     = {210--214},
  doi       = {10.1109/SFCS.1983.5},
  url       = {https://doi.org/10.1109/SFCS.1983.5}
}

@inproceedings{MeyerRitchie1967,
  author    = {Meyer, Albert R. and Ritchie, Dennis M.},
  title     = {The Complexity of Loop Programs},
  booktitle = {Proceedings of the 22nd National ACM Conference},
  year      = {1967},
  pages     = {465--469},
  publisher = {ACM},
  doi       = {10.1145/800196.806014},
  url       = {https://doi.org/10.1145/800196.806014}
}

@article{Parikh1971,
  author  = {Parikh, Rohit J.},
  title   = {Existence and Feasibility in Arithmetic},
  journal = {The Journal of Symbolic Logic},
  volume  = {36},
  number  = {3},
  pages   = {494--508},
  year    = {1971},
  doi     = {10.2307/2269958},
  url     = {https://doi.org/10.2307/2269958}
}

@incollection{Fagin1974,
  author    = {Fagin, Ronald},
  title     = {Generalized First-Order Spectra and Polynomial-Time Recognizable Sets},
  booktitle = {Complexity of Computation},
  editor    = {Richard M. Karp},
  series    = {SIAM{-}AMS Proceedings},
  volume    = {7},
  pages     = {43--73},
  year      = {1974},
  publisher = {American Mathematical Society},
  url       = {https://kenclarkson.org/RonFaginPaper/genspec.pdf}
}

@inproceedings{Vardi1982,
  author    = {Vardi, Moshe Y.},
  title     = {The Complexity of Relational Query Languages},
  booktitle = {Proceedings of the 14th ACM Symposium on Theory of Computing (STOC '82)},
  year      = {1982},
  pages     = {137--146},
  doi       = {10.1145/800070.802186},
  url       = {https://dl.acm.org/doi/10.1145/800070.802186}
}

@article{Immerman1986,
  author  = {Immerman, Neil},
  title   = {Relational Queries Computable in Polynomial Time},
  journal = {Information and Control},
  volume  = {68},
  number  = {1--3},
  pages   = {86--104},
  year    = {1986},
  doi     = {10.1016/S0019-9958(86)80029-8},
  url     = {https://www.sciencedirect.com/science/article/pii/S0019995886800298}
}

@article{Immerman1987,
  author  = {Immerman, Neil},
  title   = {Languages That Capture Complexity Classes},
  journal = {SIAM Journal on Computing},
  volume  = {16},
  number  = {4},
  pages   = {760--778},
  year    = {1987},
  doi     = {10.1137/0216051},
  url     = {https://doi.org/10.1137/0216051}
}

@article{ComptonLaflamme1990,
  author  = {Compton, Kevin J. and Laflamme, Claude},
  title   = {An Algebra and a Logic for {NC}\textsuperscript{1}},
  journal = {Information and Computation},
  volume  = {87},
  number  = {1},
  pages   = {241--263},
  year    = {1990},
  doi     = {10.1016/0890-5401(90)90063-N},
  url     = {https://www.sciencedirect.com/science/article/pii/089054019090063N}
}

@article{Allen1991,
  author  = {Allen, Bill},
  title   = {Arithmetizing Uniform {NC}},
  journal = {Annals of Pure and Applied Logic},
  volume  = {53},
  number  = {1},
  pages   = {1--50},
  year    = {1991},
  doi     = {10.1016/0168-0072(91)90057-S},
  url     = {https://www.sciencedirect.com/science/article/pii/016800729190057S}
}

@article{LindMeyer1973,
  author  = {Lind, John and Meyer, Albert R.},
  title   = {A Characterization of Log-space Computable Functions},
  journal = {SIGACT News},
  volume  = {5},
  number  = {3},
  pages   = {26--29},
  year    = {1973},
  doi     = {10.1145/1008293.1008295},
  url     = {https://doi.org/10.1145/1008293.1008295}
}

@techreport{Lind1974,
  author      = {Lind, John C.},
  title       = {Computing in Logarithmic Space},
  institution = {MIT Project MAC},
  number      = {LCS-TM-052},
  year        = {1974},
  month       = {9},
  url         = {https://dspace.mit.edu/handle/1721.1/148880}
}

@inproceedings{Cook1975,
  author    = {Cook, Stephen A.},
  title     = {Feasibly Constructive Proofs and the Propositional Calculus (Preliminary Version)},
  booktitle = {Proceedings of the 7th Annual ACM Symposium on Theory of Computing (STOC '75)},
  year      = {1975},
  pages     = {83--97},
  doi       = {10.1145/800116.803756},
  url       = {https://dl.acm.org/doi/10.1145/800116.803756}
}

@book{Buss1986,
  author    = {Buss, Samuel R.},
  title     = {Bounded Arithmetic},
  series    = {Studies in Proof Theory: Lecture Notes},
  number    = {3},
  publisher = {Bibliopolis},
  address   = {Naples},
  year      = {1986},
  isbn      = {8870881504},
  url       = {https://mathweb.ucsd.edu/~sbuss/ResearchWeb/BAthesis/Buss_Thesis_OCR.pdf}
}
