@InProceedings{forster:LIPIcs.CSL.2025.3,
  author =	{Forster, Yannick},
  title =	{{Synthetic Mathematics for the Mechanisation of Computability Theory and Logic}},
  booktitle =	{33rd EACSL Annual Conference on Computer Science Logic (CSL 2025)},
  pages =	{3:1--3:2},
  series =	{Leibniz International Proceedings in Informatics (LIPIcs)},
  ISBN =	{978-3-95977-362-1},
  ISSN =	{1868-8969},
  year =	{2025},
  volume =	{326},
  editor =	{Endrullis, J\"{o}rg and Schmitz, Sylvain},
  publisher =	{Schloss Dagstuhl -- Leibniz-Zentrum f{\"u}r Informatik},
  address =	{Dagstuhl, Germany},
  URL =		{https://drops.dagstuhl.de/entities/document/10.4230/LIPIcs.CSL.2025.3},
  URN =		{urn:nbn:de:0030-drops-227603},
  doi =		{10.4230/LIPIcs.CSL.2025.3},
  annote =	{Keywords: Synthetic mathematics, computability theory, logic}
}